
@book{aspray1997history,
  title={The history of software engineering},
  author={Aspray, William and Keil-Slawik, Reinhard and Parnas, D},
  year={1997},
  publisher={Citeseer}
}

@inproceedings{Humphrey:1988:SEP:75110.75122,
 author = {Humphrey, W. S.},
 title = {The software engineering process: definition and scope},
 booktitle = {Proceedings of the 4th international software process workshop on Representing and enacting the software process},
 series = {ISPW '88},
 year = {1988},
 isbn = {0-89791-314-0},
 location = {Devon, United Kingdom},
 pages = {82--83},
 numpages = {2},
 url = {http://doi.acm.org/10.1145/75110.75122},
 doi = {10.1145/75110.75122},
 acmid = {75122},
 publisher = {ACM},
 address = {New York, NY, USA},
} 

@book{swebok,
  added-at = {2008-10-16T14:23:28.000+0200},
  author = {Abran, Alain and Moore, James W. and Bourque, Pierre and Dupuis, Robert and Tripp, Leonard L.},
  biburl = {http://www.bibsonomy.org/bibtex/28147ba7be2d14e6d3f5585aab7a1ffeb/msn},
  date-modified = {2007-09-26 10:30:14 +0200},
  interhash = {0922bdbbdb3f21ccaa83a1d23cca2ced},
  intrahash = {8147ba7be2d14e6d3f5585aab7a1ffeb},
  keywords = {research.cs.softeng},
  note = {ISO Technical Report ISO/IEC TR 19759},
  owner = {pdeleenh},
  publisher = {IEEE},
  timestamp = {2008-10-16T14:23:28.000+0200},
  title = {Guide to the Software Engineering Body of Knowledge (SWEBOK)},
  url = {http://www.swebok.org/},
  year = 2004
}

@book{haikala2003ohjelmistotuotanto,
  title={Ohjelmistotuotanto},
  author={Haikala, I. and M{\"a}rij{\"a}rvi, J.},
  isbn={9789521404863},
  series={Korkeakoulu-sarja},
  url={http://books.google.fi/books?id=xIVaAAAACAAJ},
  year={2003},
  publisher={Satku}
}

@incollection{DBLP:reference/se/Grier10,
  author    = {David Alan Grier},
  title     = {Software Engineering: History},
  booktitle = {Encyclopedia of Software Engineering},
  year      = {2010},
  pages     = {1119-1126},
  ee        = {http://www.informaworld.com/10.1081/E-ESE-120044178},
  crossref  = {DBLP:reference/se/2010},
  bibsource = {DBLP, http://dblp.uni-trier.de}
}

@article{mahoney04,
  added-at = {2007-06-17T05:46:55.000+0200},
  author = {Mahoney, Michael S.},
  biburl = {http://www.bibsonomy.org/bibtex/21d8f67f9502273fc16bbe9cf21fec9ea/neilernst},
  doi = {http://doi.ieeecomputersociety.org/10.1109/MAHC.2004.1278847},
  interhash = {2ae30dfecbb0286f3da430c402750b84},
  intrahash = {1d8f67f9502273fc16bbe9cf21fec9ea},
  issn = {1058-6180},
  journal = {IEEE Annals of the History of Computing},
  keywords = {history software},
  number = 1,
  pages = {8-19},
  publisher = {IEEE Computer Society},
  timestamp = {2007-06-17T05:46:55.000+0200},
  title = {Finding a History for Software Engineering},
  url = {http://ieeexplore.ieee.org/search/wrapper.jsp?arnumber=1278847},
}

@article{Boehm:1988:SMS:45797.45801,
 author = {Boehm, Barry W.},
 title = {A Spiral Model of Software Development and Enhancement},
 journal = {Computer},
 issue_date = {May 1988},
 volume = {21},
 number = {5},
 month = may,
 year = {1988},
 issn = {0018-9162},
 pages = {61--72},
 numpages = {12},
 url = {http://dx.doi.org/10.1109/2.59},
 doi = {10.1109/2.59},
 acmid = {45801},
 publisher = {IEEE Computer Society Press},
 address = {Los Alamitos, CA, USA},
} 

@article{Fowler05,
  author = {Fowler, Martin},
  title = {The New Methodology},
  year = {2005},
url = {http://martinfowler.com/articles/newMethodology.html},
}

@inproceedings{Royce1970,
  added-at = {2008-07-07T16:45:32.000+0200},
  author = {Royce, Winston W.},
  biburl = {http://www.bibsonomy.org/bibtex/2d7b39bfd9f37320591ce07f407fbb50d/pdeleenh},
  booktitle = {Proc. IEEE WESTCON},
  interhash = {e1d86d2011758ef5f697b812873d1460},
  intrahash = {d7b39bfd9f37320591ce07f407fbb50d},
  keywords = {imported},
  month = {August},
  note = {Reprinted in Proc. Int'l Conf. Software Engineering ({ICSE}) 1989,
	ACM Press, pp. 328-338},
  owner = {pdeleenh},
  publisher = {IEEE Press},
  timestamp = {2008-07-07T16:45:32.000+0200},
  title = {Managing the development of large software systems: concepts and
	techniques},
  year = 1970
}

@article{Brooks:1987:NSB:26440.26441,
 author = {Brooks,Jr., Frederick P.},
 title = {No Silver Bullet Essence and Accidents of Software Engineering},
 journal = {Computer},
 issue_date = {April 1987},
 volume = {20},
 number = {4},
 month = apr,
 year = {1987},
 issn = {0018-9162},
 pages = {10--19},
 numpages = {10},
 url = {http://dx.doi.org/10.1109/MC.1987.1663532},
 doi = {10.1109/MC.1987.1663532},
 acmid = {26441},
 publisher = {IEEE Computer Society Press},
 address = {Los Alamitos, CA, USA},
} 

@incollection{Dijkstra:1979:HP:1241515.1241525,
 author = {Dijkstra, E.},
 chapter = {The humble programmer},
 title = {Classics in software engineering},
 editor = {Yourdon, Edward Nash},
 year = {1979},
 isbn = {0-917072-14-6},
 pages = {111--125},
 numpages = {15},
 url = {http://dl.acm.org/citation.cfm?id=1241515.1241525},
 acmid = {1241525},
 publisher = {Yourdon Press},
 address = {Upper Saddle River, NJ, USA},
} 

@misc{CHAOS1994,
  added-at = {2009-08-29T18:11:31.000+0200},
  author = {{The Standish Group}},
  biburl = {http://www.bibsonomy.org/bibtex/2ef3089a2f83cb700e00d3b02b79e5804/n770},
  interhash = {0c8171a91753ca6188035449143210cb},
  intrahash = {ef3089a2f83cb700e00d3b02b79e5804},
  keywords = {imported},
  note = {\url{http://www.cs.nmt.edu/~cs328/reading/Standish.pdf}
       -- last visited $15^{th}$ of June, 2008},
  timestamp = {2009-08-29T18:11:31.000+0200},
  title = {Chaos Report},
  year = 1995
}
